@misc{misc_dry_bean_dataset_602,
  title        = {{Dry Bean Dataset}},
  year         = {2020},
  howpublished = {UCI Machine Learning Repository}
}

@article{scholkopf1998nonlinear,
  title={Nonlinear component analysis as a kernel eigenvalue problem},
  author={Sch{\"o}lkopf, Bernhard and Smola, Alexander and M{\"u}ller, Klaus-Robert},
  journal={Neural computation},
  volume={10},
  number={5},
  pages={1299--1319},
  year={1998},
  publisher={MIT Press}
}

@inproceedings{scholkopf1997kernel,
  title={Kernel principal component analysis},
  author={Sch{\"o}lkopf, Bernhard and Smola, Alexander and M{\"u}ller, Klaus-Robert},
  booktitle={International conference on artificial neural networks},
  pages={583--588},
  year={1997},
  organization={Springer}
}

@article{shashua2009introduction,
  title={Introduction to machine learning: Class notes 67577},
  author={Shashua, Amnon},
  journal={arXiv preprint arXiv:0904.3664},
  year={2009}
}

@inbook{scholkopf2002learning:ch3,
  title={Learning with kernels: support vector machines, regularization, optimization, and beyond},
  author={Sch{\"o}lkopf, Bernhard and Smola, Alexander J and Bach, Francis and others},
  year={2002},
  publisher={MIT press},
  chapter = {3},
  pages = {65}
}

@inbook{vapnik1999nature:ch5,
  title={The nature of statistical learning theory},
  author={Vapnik, Vladimir},
  year={1999},
  publisher={Springer science \& business media},
  chapter={5}
}

@article{platt1998sequential,
  title={Sequential minimal optimization: A fast algorithm for training support vector machines},
  journal={Microsoft Research},
  author={Platt, John},
  year={1998}
}

@article{joachims1999svmlight,
  title={Svmlight: Support vector machine},
  author={Joachims, Thorsten},
  journal={SVM-Light Support Vector Machine http://svmlight. joachims. org/, University of Dortmund},
  volume={19},
  number={4},
  pages={25},
  year={1999}
}

@article{mangasarian2001lagrangian,
  title={Lagrangian support vector machines},
  author={Mangasarian, Olvi L and Musicant, David R},
  journal={Journal of Machine Learning Research},
  volume={1},
  number={Mar},
  pages={161--177},
  year={2001}
}

@inbook{scholkopf2002learning:ch10,
  title={Learning with kernels: support vector machines, regularization, optimization, and beyond},
  author={Sch{\"o}lkopf, Bernhard and Smola, Alexander J and Bach, Francis and others},
  year={2002},
  publisher={MIT press},
  chapter={10},
  pages={318--321}
}

@book{boyd2004convex,
  title={Convex optimization},
  author={Boyd, Stephen and Boyd, Stephen P and Vandenberghe, Lieven},
  year={2004},
  publisher={Cambridge university press},
  chapter={10},
  pages={531--540}
}

@book{mangasarian1994nonlinear,
  title={Nonlinear programming},
  author={Mangasarian, Olvi L},
  year={1994},
  publisher={SIAM},
  chapter={7},
  pages={94}
}

@article{bertsekas1997nonlinear,
  title={Nonlinear programming},
  author={Bertsekas, Dimitri P},
  journal={Journal of the Operational Research Society},
  volume={48},
  number={3},
  pages={334},
  year={1997},
  publisher={Taylor \& Francis}
}

@book{cherkassky2007learning,
  title={Learning from data: concepts, theory, and methods},
  author={Cherkassky, Vladimir and Mulier, Filip M},
  year={2007},
  publisher={John Wiley \& Sons},
  chapter={9},
  pages={438--439}
}

@article{mangasarian1999successive,
  title={Successive overrelaxation for support vector machines},
  author={Mangasarian, Olvi L and Musicant, David R},
  journal={IEEE Transactions on Neural Networks},
  volume={10},
  number={5},
  pages={1032--1037},
  year={1999},
  publisher={IEEE}
}

@misc{web:maths:UCL,
  author = {Dr. Massimiliano Pontil},
  title = {Mathematical Programming and Research Methods (Part II)},
  year = {2012},
  note = {Last accessed 28 March 2022},
  url = {http://www0.cs.ucl.ac.uk/staff/M.Pontil/courses/4-gi07.pdf}
}

@misc{web:maths:princeton,
  author = {Dr. A. A. Ahmadi},
  title = {ORF523 Convex and Conic Optimisation},
  year = {2015},
  note = {Last accessed 28 March 2022},
  url = {https://www.princeton.edu/~aaa/Public/Teaching/ORF523/S16/ORF523_S16_Lec4_gh.pdf}
}

@book{golub2013matrix,
  title={Matrix computations},
  author={Golub, Gene H and Van Loan, Charles F},
  year={2013},
  publisher={JHU press}
}

@misc{web:maths:MATLAB,
  author = {The MathWorks Inc., MATLAB},
  title = {Matrix Inverse Documentation},
  year = {2022},
  note = {Last accessed 28 March 2022},
  url = {https://uk.mathworks.com/help/matlab/ref/inv.html}
}

@inbook{scholkopf2002learning:appendix,
  title={Learning with kernels: support vector machines, regularization, optimization, and beyond},
  author={Sch{\"o}lkopf, Bernhard and Smola, Alexander J and Bach, Francis and others},
  year={2002},
  publisher={MIT press},
  chapter = {Appendix B},
  pages = {580--584}
}