%%%%%%%%%%%%%%%%%%%%%%%%%%%
%%%%%%%% CHAPTER 2 %%%%%%%% 
%%%%%%%%%%%%%%%%%%%%%%%%%%%

%----------------------------
% HISTORY & CONTEXT
%----------------------------

@misc{WorldBank_Ch2_1,
title = "70 {Y}ears {C}onnecting {C}apital {M}arkets, {C}hapter 4: Pioneering {S}waps",
author = "World Bank, .",
url = "https://thedocs.worldbank.org/en/doc/981111541019927135-0340022018/original/70yearschapterfour.pdf",
note = "Accessed: 15/06/2022",
year = 2018}

@misc{BIS_Ch2_1,
title = "{OTC} {D}erivatives {M}arket {A}ctivity in the {F}irst {H}alf of 2008",
author = "BIS",
url = "https://stats.bis.org/statx/srs/table/d7?p=20081&c=",
note = "Accessed: 16/06/2022",
year = 2008}

@misc{ISDA_Ch2_1,
title = "Evolution of {OTC} {D}erivatives {M}arkets since the {F}inancial {C}risis",
author = "ISDA",
url = "https://www.isda.org/a/8jjTE/Evolution-of-OTC-Derivatives-Markets-Since-the-Financial-Crisis.pdf",
note = "Accessed: 15/06/2022",
year = 2021}

@misc{EuroCom_Ch2_1,
title = "{D}erivatives / {EMIR}",
author = "European Commission, .",
url = "https://ec.europa.eu/info/business-economy-euro/banking-and-finance/financial-markets/post-trade-services/derivatives-emir_en",
note = "Accessed: 15/06/2022",
year = 2012}

@misc{JSCC,
title = "{D}efinition of {N}etting",
author = "JSCC, .",
url = "https://www.jpx.co.jp/jscc/en/cash/cash/assumption-obligation/netting.html",
note = "Accessed: 22/08/2022",
year = 2012}

@misc{CFTC_Ch2_1,
title = "{C}ross-{B}order {R}egulation of {S}waps/{D}erivatives",
author = "CFTC",
url = "https://www.cftc.gov/sites/default/files/idc/groups/public/@newsroom/documents/file/jointdiscussionscftc_europeanu.pdf",
note = "Accessed: 15/06/2022",
year = 2013}

@misc{BCBS_Ch2_1,
title = "{BASEL} {III} {M}onitoring {R}eport",
author = "BCBS",
url = "https://www.bis.org/bcbs/publ/d500.pdf",
note = "Accessed: 20/06/2022",
year = 2020}

@article{slovik2011macroeconomic,
  title={Macroeconomic {I}mpact of {Basel} {III}},
  author={Slovik, Patrick and Courn{\`e}de, Boris},
  journal={OECD Economics Department Working Papers},
  volume={2011},
  number={844},
  year={2011},
  publisher={OECD},
  url = {http://dx.doi.org/10.2139/ssrn.2650033}
}

@article{cosimano2011bank,
  title={Bank {B}ehavior in {R}esponse to {Basel} {III}: {A} {C}ross-country {A}nalysis},
  author={Cosimano, Thomas F and Hakura, Dalia},
  journal={IMF Working Papers},
  volume={2011},
  number={11/119},
  year={2011},
  publisher={International Monetary Fund},
  url = {http://dx.doi.org/10.2139/ssrn.1860182}
}

@article{blundell2010thinking,
  title={Thinking {B}eyond {Basel} {III}: {N}ecessary {S}olutions for {C}apital and {L}iquidity},
  author={Blundell-Wignall, Adrian and Atkinson, Paul},
  journal={OECD Journal: Financial Market Trends},
  volume={2010},
  number={1},
  pages={9--33},
  year={2010},
  publisher={Organization for Economic Co-Operation and Development (OECD)},
  url = {https://doi.org/10.1787/19952872}
}

@misc{IOSCO_Ch2_1,
title = "Margin {R}equirements for {N}on-centrally {C}leared {D}erivatives",
author = "IOSCO",
url = "https://www.iosco.org/library/pubdocs/pdf/IOSCOPD651.pdf",
note = "Accessed: 20/06/2022",
year = 2020}

@misc{ISDA_Ch2_2,
title = "Margin {R}equirements for {N}on-centrally {C}leared {D}erivatives",
author = "ISDA",
url = "https://www.isda.org/a/TwVgE/ISDA-Margin-Survey-Year-End-2021.pdf",
note = "Accessed: 20/06/2022",
year = 2021}

@misc{FCA_Ch2_1,
title = "{UK} {EMIR} {R}eporting ({P}ost {EU} {W}ithdrawal)",
author = "FCA",
url = "https://www.fca.org.uk/markets/uk-emir",
note = "Accessed: 20/06/2022",
year = 2022}

@misc{ESMA_Ch2_1,
title = "{EMIR} {R}eporting: {R}egulatory \& {I}mplementing {T}echnical {S}tandards",
author = "ESMA",
url = "https://www.esma.europa.eu/policy-rules/post-trading/trade-reporting",
note = "Accessed: 20/06/2022",
year = 2022}

@misc{SEC_Ch2_1,
title = "Dodd-{F}rank {S}ecurity-based {S}wap {D}ata {R}epositories",
author = "SEC",
url = "https://www.sec.gov/divisions/marketreg/security-based-swap-data-repositories",
note = "Accessed: 20/06/2022",
year = 2022}

@article{chernenko2011two,
  title={The {T}wo {S}ides of {D}erivatives {U}sage: {H}edging and {S}peculating with {I}nterest {R}ate {S}waps},
  author={Chernenko, Sergey and Faulkender, Michael},
  journal={Journal of Financial and Quantitative Analysis},
  volume={46},
  number={6},
  pages={1727--1754},
  year={2011},
  publisher={Cambridge University Press},
  url = {https://doi.org/10.1017/S0022109011000391}
}

@article{chui2012derivatives,
  title={Derivatives {M}arkets, {P}roducts and {P}articipants: An {O}verview},
  author={Chui, Michael},
  journal={Ifc Bullefin},
  volume={35},
  pages={3--12},
  year={2012}
}

@article{stankovska2017global,
  title={Global {D}erivatives {M}arkets},
  author={Stankovska, Aleksandra},
  journal={Seeu Review},
  volume={12},
  number={1},
  pages={81--93},
  year={2017},
  DOI = {10.1515/seeur-2017-0006}
}

@misc{TSC_Ch2_1,
title = "Treasury {S}elect {C}ommittee {M}inutes, 25/11/2008",
author = "TSC",
url = "https://publications.parliament.uk/pa/cm200708/cmselect/cmtreasy/1210/8112503.htm",
note = "Accessed: 21/06/2022",
year = 2022}

@misc{Libor_Ch2_1,
title = "Understanding the {LIBOR} {S}candal; {C}ouncil for{F}oreign {R}elations",
author = "CFR",
url = "https://www.cfr.org/backgrounder/understanding-libor-scandal",
note = "Accessed: 21/06/2022",
year = 2022}

@misc{FCA_Ch2_2,
title = "{LIBOR} {T}ransition: {FCA} {G}uidance",
author = "FCA",
url = "https://www.fca.org.uk/markets/libor-transition",
note = "Accessed: 21/06/2022",
year = 2022}

@misc{KPMG_Ch2_1,
title = "{LIBOR} {T}ransition to {A}lternative {R}isk {F}ree {R}ates",
author = "KPMG",
url = "https://assets.kpmg/content/dam/kpmg/in/pdf/2019/10/alternatives-to-libor-transition-to-risk-free-rates.pdf",
note = "Accessed: 21/06/2022",
year = 2022}

@inproceedings{chaum1983blind,
  title={Blind {S}ignatures for {U}ntraceable {P}ayments},
  author={Chaum, David},
  booktitle={Advances in cryptology},
  pages={199--203},
  year={1983},
  organization={Springer},
  DOI = {10.1007/978-1-4757-0602-4_18}
}

@book{chaum1979computer,
  title={Computer {S}ystems {E}stablished, {M}aintained and {T}rusted by {M}utually {S}uspicious {G}roups},
  author={Chaum, David},
  note = "{MS}c {T}hesis",
  year={1979},
  publisher={Electronics Research Laboratory, University of California}
}

@misc{Bmoney1998,
title = "B-{M}oney, {A}n {A}nonymous, {D}istributed {E}lectronic {C}ash {S}ystem",
author = "Wei Dai",
url = "http://www.weidai.com/bmoney.txt",
note = "Accessed: 03/08/2022",
year = 1998}

@misc{BitGold1998,
title = "Bit {G}old",
author = "Nick Szabo",
url = "https://nakamotoinstitute.org/bit-gold/",
note = "Accessed: 03/08/2022",
year = 1998}

@article{nakamoto2008bitcoin,
  title={Bitcoin: {A} {P}eer-to-{P}eer {E}lectronic {C}ash {S}ystem},
  author={Nakamoto, Satoshi},
  journal={Decentralized Business Review},
  pages={21260},
  year={2008}
}

@article{bohme2015bitcoin,
  title={Bitcoin: {E}conomics, {T}echnology, and {G}overnance},
  author={B{\"o}hme, Rainer and Christin, Nicolas and Edelman, Benjamin and Moore, Tyler},
  journal={Journal of economic Perspectives},
  volume={29},
  number={2},
  pages={213--38},
  year={2015},
  doi = {10.1257/jep.29.2.213}
}

@article{zohar2015bitcoin,
  title={Bitcoin: {U}nder the {H}ood},
  author={Zohar, Aviv},
  journal={Communications of the ACM},
  volume={58},
  number={9},
  pages={104--113},
  year={2015},
  publisher={ACM New York, NY, USA},
  doi = {10.1145/2701411}
}

@article{urquhart2016inefficiency,
  title={The {I}nefficiency of {B}itcoin},
  author={Urquhart, Andrew},
  journal={Economics Letters},
  volume={148},
  pages={80--82},
  year={2016},
  publisher={Elsevier},
  url = {https://doi.org/10.1016/j.econlet.2016.09.019}
}

@misc{CNBC,
title = "Crypto firms say thousands of digital currencies will collapse",
author = "CNBC",
url = "https://www.cnbc.com/2022/06/03/crypto-firms-say-thousands-of-digital-currencies-will-collapse.html",
note = "Accessed: 03/08/2022",
year = 2022}

@misc{bloomberg,
title = "Crypto world hits 3 trillion market cap",
author = "Bloomberg",
url = "https://www.bloomberg.com/news/articles/2021-11-08/crypto-world-hits-3-trillion-market-cap-as-ether-bitcoin-gain",
note = "Accessed: 03/08/2022",
year = 2021}

@article{blaseg2018dynamics,
  title={Dynamics of {V}oluntary {D}isclosure in the {U}nregulated {M}arket for {I}nitial {C}oin {O}fferings},
  author={Blaseg, Daniel},
  journal={Available at SSRN 3207641},
  year={2018},
  url = {http://dx.doi.org/10.2139/ssrn.3207641}
}

@misc{Gemeni,
title = "Blockchain and {F}inancial {D}erivatives",
author = "Gemeni",
url = "https://www.gemini.com/cryptopedia/cryptocurrency-derivatives-trading-synthetic-assets",
note = "Accessed: 21/08/2022",
year = 2021}

@misc{binance,
title = "Binance: {A}n {O}verview of {B}inance {F}utures {P}roducts \& {F}eatures",
author = "Binance",
url = "https://www.binance.com/en/support/faq/00bd4e5720bf4ffebfadb4b15e465a73",
note = "Accessed: 03/08/2022",
year = 2021}

@misc{FCA_Ch2_3,
title = "Cryptoassets: {A}dvice for {C}onsumers",
author = "FCA",
url = "https://www.fca.org.uk/consumers/cryptoassets",
note = "Accessed: 03/08/2022",
year = 2022}

@misc{FCA_Ch2_4,
title = "Cryptocurrency {D}erivatives",
author = "FCA",
url = "https://www.fca.org.uk/news/statements/cryptocurrency-derivatives",
note = "Accessed: 03/08/2022",
year = 2022}

%----------------------------
% LITERATURE REVIEW
%----------------------------
% See Chapter 3 for most mathematical references.

@article{vasicek1977equilibrium,
  title={An {E}quilibrium {C}haracterization of the {T}erm {S}tructure},
  author={Vasicek, Oldrich},
  journal={Journal of financial economics},
  volume={5},
  number={2},
  pages={177--188},
  year={1977},
  publisher={Elsevier},
  url = {https://doi.org/10.1016/0304-405X(77)90016-2}
}

@incollection{cox1985theory,
  title={A {T}heory of the {T}erm {S}tructure of {I}nterest {R}ates},
  author={Cox, John C and Ingersoll Jr, Jonathan E and Ross, Stephen A},
  booktitle={Theory of valuation},
  pages={129--164},
  year={1985},
  publisher={World Scientific},
  url = {https://doi.org/10.1142/9789812701022_0005}
}

@article{ho1986term,
  title={Term {S}tructure {M}ovements and {P}ricing {I}nterest {R}ate {C}ontingent {C}laims},
  author={Ho, Thomas SY and Lee, Sang-Bin},
  journal={the Journal of Finance},
  volume={41},
  number={5},
  pages={1011--1029},
  year={1986},
  publisher={Wiley Online Library},
  url = {https://doi.org/10.1111/j.1540-6261.1986.tb02528.x}
}

@article{hull1993one,
  title={One-factor {I}nterest {R}ate {M}odels and the {V}aluation of {I}nterest {R}ate {D}erivative {S}ecurities},
  author={Hull, John and White, Alan},
  journal={Journal of financial and quantitative analysis},
  volume={28},
  number={2},
  pages={235--254},
  year={1993},
  publisher={Cambridge University Press},
  url = {https://doi.org/10.2307/2331288}
}

@article{black1991bond,
  title={Bond and {O}ption {P}ricing when {S}hort {R}ates are {L}ognormal},
  author={Black, Fischer and Karasinski, Piotr},
  journal={Financial Analysts Journal},
  volume={47},
  number={4},
  pages={52--59},
  year={1991},
  publisher={Taylor \& Francis},
  url = {https://doi.org/10.2469/faj.v47.n4.52}
}

@article{black1990one,
  title={A {O}ne-factor {M}odel of {I}nterest {R}ates and its {A}pplication to {T}reasury {B}ond {O}ptions},
  author={Black, Fischer and Derman, Emanuel and Toy, William},
  journal={Financial analysts journal},
  volume={46},
  number={1},
  pages={33--39},
  year={1990},
  publisher={Taylor \& Francis},
  url = {https://doi.org/10.2469/faj.v46.n1.33}
}

@article{longstaff1992interest,
  title={Interest {R}ate {V}olatility and the {T}erm {S}tructure: A {T}wo-factor {G}eneral {E}quilibrium {M}odel},
  author={Longstaff, Francis A and Schwartz, Eduardo S},
  journal={The Journal of Finance},
  volume={47},
  number={4},
  pages={1259--1282},
  year={1992},
  publisher={Wiley Online Library},
  url = {https://doi.org/10.1111/j.1540-6261.1992.tb04657.x}
}

@article{heath1992bond,
  title={Bond {P}ricing and the {T}erm {S}tructure of {I}nterest {R}ates: A {N}ew {M}ethodology for {C}ontingent {C}laims {V}aluation},
  author={Heath, David and Jarrow, Robert and Morton, Andrew},
  journal={Econometrica: Journal of the Econometric Society},
  pages={77--105},
  year={1992},
  publisher={JSTOR},
  url = {https://doi.org/10.2307/2951677}
}

@article{brace1997market,
  title={The {M}arket {M}odel of {I}nterest {R}ate {D}ynamics},
  author={Brace, Alan and G{\c{}} atarek, Dariusz and Musiela, Marek},
  journal={Mathematical finance},
  volume={7},
  number={2},
  pages={127--155},
  year={1997},
  publisher={Wiley Online Library},
  url = {https://doi.org/10.1111/1467-9965.00028}
}

@article{black1976pricing,
  title={The {P}ricing of {C}ommodity {C}ontracts},
  author={Black, Fischer},
  journal={Journal of financial economics},
  volume={3},
  number={1-2},
  pages={167--179},
  year={1976},
  publisher={Elsevier},
  url = {https://doi.org/10.1016/0304-405X(76)90024-6}
}

@article{brody2020theory,
  title={Theory of {C}ryptocurrency {I}nterest {R}ates},
  author={Brody, Dorje and Hughston, Lane and Meister, Bernhard},
  journal={SIAM Journal on Financial Mathematics},
  volume={11},
  number={1},
  pages={148--168},
  year={2020},
  publisher={SIAM},
  url = {https://doi.org/10.1137/19M1263042}
}

@inproceedings{kaneko2019management,
  title={A {M}anagement {M}ethod of {I}nterest {R}ate in {UTXO} {M}odel},
  author={Kaneko, Yusuke and Osada, Shigeyuki and Azuchi, Shigeyuki and Okada, Hitoshi and Yamasaki, Shigeichiro},
  booktitle={2019 IEEE Social Implications of Technology (SIT) and Information Management (SITIM)},
  pages={1--6},
  year={2019},
  organization={IEEE},
  doi = {10.1109/SITIM.2019.8910267}
}

@article{liu2020atomic,
  title={Atomic {S}waptions: {C}ryptocurrency {D}erivatives},
  author={Liu, James A},
  journal={arXiv preprint arXiv:1807.08644},
  year={2020},
  url = {https://doi.org/10.48550/arXiv.1807.08644}
}

%----------------------------
% MATHEMATICAL PRELIMS
%----------------------------
% See Chapter 3 for most mathematical references.


%%%%%%%%%%%%%%%%%%%%%%%%%%%
%%%%%%%% CHAPTER 3 %%%%%%%%
%%%%%%%%%%%%%%%%%%%%%%%%%%%

@book{wilmott2013paul,
  title={Paul {W}ilmott on {Q}uantitative {F}inance},
  author={Wilmott, Paul},
  year={2013},
  publisher={John Wiley \& Sons}
}

@book{veronesi2016handbook,
  title={Handbook of {F}ixed {I}ncome {S}ecurities},
  author={Veronesi, Pietro},
  year={2016},
  publisher={John Wiley \& Sons}
}

@book{sadr2009interest,
  title={Interest {R}ate {S}waps and their {D}erivatives: A {P}ractitioner's {G}uide},
  author={Sadr, Amir},
  year={2009},
  publisher={John Wiley \& Sons}
}

@book{brigo2001interest,
  title={Interest {R}ate {M}odels: {T}heory and {P}ractice},
  author={Brigo, Damiano and Mercurio, Fabio and others},
  volume={2},
  year={2001},
  publisher={Springer}
}

@misc{banque_canada,
title = "A {P}ractical {G}uide to {S}wap {C}urve {C}onstruction",
author = "Banque du Canada, .",
url = "https://www.banqueducanada.ca/wp-content/uploads/2010/01/wp00-17.pdf",
note = "Accessed: 16/07/2022",
year = 2000}

@book{flavell2012swaps,
  title={Swaps and {O}ther {D}erivatives},
  author={Flavell, Richard R},
  year={2012},
  publisher={John Wiley \& Sons}
}

@article{piterbarg2004eurodollar,
  title={Eurodollar {F}utures {C}onvexity {A}djustments in {S}tochastic {V}olatility {M}odels},
  author={Piterbarg, Vladimir and Renedo, Marco},
  journal={Available at SSRN 610223},
  year={2004},
  url = {http://dx.doi.org/10.2139/ssrn.610223}
}

@book{hull2003options,
  title={Options, {F}utures and {O}ther {D}erivatives},
  author={Hull, John C},
  year={2003},
  publisher={Pearson Education India}
}

@article{hagan2006interpolation,
  title={Interpolation {M}ethods for {C}urve {C}onstruction},
  author={Hagan, Patrick S and West, Graeme},
  journal={Applied Mathematical Finance},
  volume={13},
  number={2},
  pages={89--129},
  year={2006},
  publisher={Taylor \& Francis},
  url = {https://doi.org/10.1080/13504860500396032}
}

@misc{us_treas,
title = "Yield {C}urve {M}ethodology {C}hange {I}nformation {S}heet",
author = "US Treasury,.",
url = "https://home.treasury.gov/policy-issues/financing-the-government/yield-curve-methodology-change-information-sheet",
note = "Accessed: 03/08/2022",
year = 2021}

@article{hagan2008methods,
  title={Methods for {C}onstructing a {Y}ield {C}urve},
  author={Hagan, Patrick S and West, Graeme},
  journal={Wilmott Magazine, May},
  pages={70--81},
  year={2008}
}

@misc{usd_libor,
title = "Historical {USD}-{LIBOR} {R}ates",
author = "IBORate, .",
url = "http://iborate.com/usd-libor/",
note = "Accessed: 03/08/2022",
year = 2022}


%%%%%%%%%%%%%%%%%%%%%%%%%%%
%%%%%%%% CHAPTER 4 %%%%%%%%
%%%%%%%%%%%%%%%%%%%%%%%%%%%

@article{balan2021long,
  title={How Long Does It Take to Mine 1 {B}itcoin Depending on Your Device?},
  author={Balan, Nicoleta},
  journal={SMU Data Science Review},
  volume={5},
  number={2},
  pages={5},
  year={2021}
}

@misc{crypto_pow,
title = "What is {P}roof-of-{W}ork?",
author = "CoinDesk, .",
url = "https://www.coindesk.com/learn/2020/12/16/what-is-proof-of-work/",
note = "Accessed: 07/08/2022",
year = 2022}

@misc{crypto_pos,
title = "What is {P}roof-of-{S}take?",
author = "CoinDesk, .",
url = "https://www.coindesk.com/learn/2020/12/30/what-is-proof-of-stake/",
note = "Accessed: 07/08/2022",
year = 2022}

@misc{crypto_staking,
title = "What is {S}taking?",
author = "CoinBase, .",
url = "https://www.coinbase.com/learn/crypto-basics/what-is-staking",
note = "Accessed: 07/08/2022",
year = 2022}

@misc{crypto_saving,
title = "Binance: {S}avings {A}ccounts",
author = "Binance, .",
url = "https://www.binance.com/en/savings",
note = "Accessed: 07/08/2022",
year = 2022}

@misc{crypto_loan,
title = "Binance: {L}oan {P}roducts",
author = "Binance, .",
url = "https://www.binance.com/en/loan",
note = "Accessed: 07/08/2022",
year = 2022}

@misc{celsius,
title = "Celsius: {USD} {L}oans backed by {C}ryptocurrency",
author = "Celsius, .",
url = "https://celsius.network/crypto-loans",
note = "Accessed: 07/08/2022",
year = 2022}

@article{constantinides1992theory,
  title={A {T}heory of the {N}ominal {T}erm {S}tructure of {I}nterest {R}ates},
  author={Constantinides, George M},
  journal={The Review of Financial Studies},
  volume={5},
  number={4},
  pages={531--552},
  year={1992},
  publisher={Oxford University Press},
  url = {https://doi.org/10.1093/rfs/5.4.531}
}

@incollection{black1973pricing,
  title={The {P}ricing of {O}ptions and {C}orporate {L}iabilities},
  author={Black, Fischer and Scholes, Myron},
  booktitle={World Scientific Reference on Contingent Claims Analysis in Corporate Finance: Volume 1: Foundations of CCA and Equity Valuation},
  pages={3--21},
  year={1973},
  publisher={World Scientific},
  url = {https://doi.org/10.1142/9789814759588_0001}
}

%%%%%%%%%%%%%%%%%%%%%%%%%%%
%%%%%%%% APPENDIX %%%%%%%%%
%%%%%%%%%%%%%%%%%%%%%%%%%%%

@book{smith2011bond,
  title={Bond {M}ath: {T}he {T}heory {B}ehind the {F}ormulas},
  author={Smith, Donald J},
  year={2011},
  publisher={John Wiley \& Sons},
  chapter={8}
}
