
@article{adams1992happiness,
  title={Is happiness a home in the suburbs?: The influence of urban versus suburban neighborhoods on psychological health},
  author={Adams, Richard E},
  journal={Journal of community psychology},
  volume={20},
  number={4},
  pages={353--372},
  year={1992},
  publisher={Wiley Online Library}
}

@misc{yelp_academic_dataset,
  title        = {{Yelp Academic Dataset}},
  year         = {2022},
  howpublished = {Yelp Website},
  url={https://www.yelp.com/dataset}
}

@article{luca2016reviews,
  title={Reviews, reputation, and revenue: The case of Yelp. com},
  author={Luca, Michael},
  journal={Com (March 15, 2016). Harvard Business School NOM Unit Working Paper},
  number={12-016},
  year={2016}
}

@article{razali2011power,
  title={Power comparisons of shapiro-wilk, kolmogorov-smirnov, lilliefors and anderson-darling tests},
  author={Razali, Nornadiah Mohd and Wah, Yap Bee and others},
  journal={Journal of statistical modeling and analytics},
  volume={2},
  number={1},
  pages={21--33},
  year={2011}
}

@incollection{macfarland2016mann,
  title={Mann--whitney u test},
  author={MacFarland, Thomas W and Yates, Jan M},
  booktitle={Introduction to nonparametric statistics for the biological sciences using R},
  pages={103--132},
  year={2016},
  publisher={Springer}
}

@book{silverman2018density,
  title={Density estimation for statistics and data analysis},
  author={Silverman, Bernard W},
  year={2018},
  publisher={Routledge},
  chapter={2},
  pages={45}
}